@misc{consolel20:online,
author = {},
title = {console.log() - Web API | MDN},
howpublished = {\url{https://developer.mozilla.org/ja/docs/Web/API/Console/log}},
month = {},
year = {},
note = {(Accessed on 12/16/2021)}
}
